<collection xmlns="http://www.loc.gov/MARC21/slim">
<record>
  <leader>02352nam0a2200397 i 450 </leader>
  <controlfield tag="001">IT\ICCU\CNCE\027242</controlfield>
  <controlfield tag="005">20080304000000.0</controlfield>
  <datafield tag="012" ind1=" " ind2=" ">
    <subfield code="a">tue- a-6. s.um mel* (3) 1568 (A)</subfield>
    <subfield code="2">fei</subfield>
  </datafield>
  <datafield tag="100" ind1=" " ind2=" ">
    <subfield code="a">19971027d1568        0itac0103    ba</subfield>
  </datafield>
  <datafield tag="101" ind1=" " ind2=" ">
    <subfield code="a">LAT</subfield>
  </datafield>
  <datafield tag="102" ind1=" " ind2=" ">
    <subfield code="a">IT</subfield>
  </datafield>
  <datafield tag="200" ind1="1" ind2=" ">
    <subfield code="a">Constitutiones et reformationes Congregationis Oliuetanae. Determinatae in capitulo generali anno MDLXIV. Reuerendissimo domno Barnaba Perusino existente abbate generali. His accessere ea, quae  ̉reuerendis patribus reformatoribus delectis per capitulum generale anni MDLXVIII. fuere sancita, qui etiam, authoritate sibi tradita, vtraque in perpetuum rata, firmaque esse voluere</subfield>
  </datafield>
  <datafield tag="210" ind1=" " ind2=" ">
    <subfield code="a">Neapoli</subfield>
    <subfield code="c">apud Io. de Boy</subfield>
    <subfield code="d">1568</subfield>
    <subfield code="e">Neapoli</subfield>
    <subfield code="g">excudebat Ioannes de Boy</subfield>
    <subfield code="h">1568</subfield>
  </datafield>
  <datafield tag="215" ind1=" " ind2=" ">
    <subfield code="a">\8!, 67, \1! c.</subfield>
    <subfield code="c">ill.</subfield>
    <subfield code="d">4ʻ</subfield>
  </datafield>
  <datafield tag="620" ind1=" " ind2=" ">
    <subfield code="a">IT</subfield>
    <subfield code="d">Napoli</subfield>
  </datafield>
  <datafield tag="710" ind1="0" ind2="2">
    <subfield code="a">Olivetani</subfield>
    <subfield code="3">7095</subfield>
  </datafield>
  <datafield tag="712" ind1="0" ind2="0">
    <subfield code="a">De_Boy, Giovanni</subfield>
    <subfield code="3">IT\ICCU\CNCT\000638</subfield>
    <subfield code="4">650</subfield>
  </datafield>
  <datafield tag="712" ind1="0" ind2="2">
    <subfield code="a">Tipografo non identificato</subfield>
    <subfield code="3">IT\ICCU\CNCT\003341</subfield>
    <subfield code="4">650</subfield>
  </datafield>
  <datafield tag="791" ind1="0" ind2="2">
    <subfield code="a">Congregazione Benedettina Olivetana</subfield>
    <subfield code="3">8728</subfield>
    <subfield code="z">Olivetani</subfield>
  </datafield>
  <datafield tag="791" ind1="0" ind2="2">
    <subfield code="a">Congregatio Montis Oliveti</subfield>
    <subfield code="3">15550</subfield>
    <subfield code="z">Olivetani</subfield>
  </datafield>
  <datafield tag="791" ind1="0" ind2="2">
    <subfield code="a">Congregatio Olivetana</subfield>
    <subfield code="3">15551</subfield>
    <subfield code="z">Olivetani</subfield>
  </datafield>
  <datafield tag="791" ind1="0" ind2="0">
    <subfield code="a">Boy, Giovanni de</subfield>
    <subfield code="3">IT\ICCU\CNCT\003153</subfield>
    <subfield code="z">De_Boy, Giovanni</subfield>
  </datafield>
  <datafield tag="791" ind1="0" ind2="0">
    <subfield code="a">Du_Boy, Giovanni</subfield>
    <subfield code="3">IT\ICCU\CNCT\003158</subfield>
    <subfield code="z">De_Boy, Giovanni</subfield>
  </datafield>
  <datafield tag="791" ind1="0" ind2="0">
    <subfield code="a">Boyus, Ioannes</subfield>
    <subfield code="3">IT\ICCU\CNCT\004524</subfield>
    <subfield code="z">De_Boy, Giovanni</subfield>
  </datafield>
  <datafield tag="791" ind1="0" ind2="0">
    <subfield code="a">Boy, Ioannes</subfield>
    <subfield code="3">IT\ICCU\CNCT\004525</subfield>
    <subfield code="z">De_Boy, Giovanni</subfield>
  </datafield>
  <datafield tag="791" ind1="0" ind2="0">
    <subfield code="a">Della_Selva, Giovanni</subfield>
    <subfield code="3">IT\ICCU\CNCT\004526</subfield>
    <subfield code="z">De_Boy, Giovanni</subfield>
  </datafield>
  <datafield tag="801" ind1=" " ind2="3">
    <subfield code="a">IT</subfield>
    <subfield code="b">ICCU</subfield>
    <subfield code="c">20201114</subfield>
  </datafield>
  <datafield tag="899" ind1=" " ind2=" ">
    <subfield code="a">Biblioteca comunale dell&apos;Archiginnasio. Bologna</subfield>
    <subfield code="1">BO0304</subfield>
    <subfield code="2">UBO GA</subfield>
  </datafield>
  <datafield tag="899" ind1=" " ind2=" ">
    <subfield code="a">Biblioteca dell&apos;Abbazia S. Benedetto. Seregno</subfield>
    <subfield code="1">MI0441</subfield>
    <subfield code="2">ZMI 23</subfield>
  </datafield>
  <datafield tag="899" ind1=" " ind2=" ">
    <subfield code="a">Biblioteca comunale Augusta. Perugia</subfield>
    <subfield code="1">PG0109</subfield>
    <subfield code="2">UM1 01</subfield>
  </datafield>
  <datafield tag="899" ind1=" " ind2=" ">
    <subfield code="a">Biblioteca nazionale centrale. Roma</subfield>
    <subfield code="1">RM0267</subfield>
    <subfield code="2">BVE CR</subfield>
  </datafield>
  <datafield tag="899" ind1=" " ind2=" ">
    <subfield code="a">Biblioteca statale del Monumento nazionale S. Scolastica. Subiaco</subfield>
    <subfield code="1">RM0602</subfield>
    <subfield code="2">BVE SU</subfield>
  </datafield>
  <datafield tag="899" ind1=" " ind2=" ">
    <subfield code="a">Biblioteca dell&apos;Abbazia di Monte Oliveto Maggiore. Asciano</subfield>
    <subfield code="1">SI0003</subfield>
    <subfield code="2">ZSI 04</subfield>
  </datafield>
  <datafield tag="899" ind1=" " ind2=" ">
    <subfield code="a">Biblioteca nazionale Marciana. Venezia</subfield>
    <subfield code="1">VE0049</subfield>
    <subfield code="2">VEA BM</subfield>
  </datafield>
  <datafield tag="911" ind1=" " ind2=" ">
    <subfield code="a">Nel front.</subfield>
    <subfield code="9">IT\ICCU\CNCM\001038</subfield>
  </datafield>
  <datafield tag="921" ind1=" " ind2=" ">
    <subfield code="a">IT\ICCU\CNCM\001038</subfield>
    <subfield code="b">Aquila ad ali spiegate che perde le penne, con gli artigli su globo sostenuto da due satiri alati. In alto il sole</subfield>
    <subfield code="e">Renovata iuventus</subfield>
    <subfield code="c">Z135</subfield>
    <subfield code="d">Dimensioni: 4,3 x 6</subfield>
    <subfield code="f">AQUILA</subfield>
    <subfield code="f">GLOBO</subfield>
    <subfield code="g">1564-1592</subfield>
  </datafield>
</record>
</collection>
